2726 4900
726 259 915 313 ..η-

276 415 378 469 eadem
399 412 457 467 lere
477 412 519 468 bis
538 387 661 468 dicenda
681 421 771 468 erant.
803 413 955 468 Auctorem
971 413 1055 484 igitur
1073 414 1111 468 ab
1130 413 1304 484 Apollodoro
1321 414 1355 467 di·

277 522 385 562 versum
405 504 612 576 adgnoscimus.
642 504 700 559 Sed
720 505 850 576 quaestio
869 506 907 561 ad
927 505 1063 576 liquidum
1083 505 1209 560 nondum
1229 506 1355 576 perducta

275 591 336 655 cst.
381 597 504 652 Putasne
534 607 591 654 tam
620 613 701 654 rarae
728 597 879 653 memoriae
908 607 1010 668 poetas
1040 597 1116 652 uelat
1146 595 1355 668 Naupactiorurn

275 699 430 758 auctorem,
450 689 660 765 Panyassldcm,
691 689 715 746 sl
735 705 849 770 resera
869 689 929 745 eius
950 705 1052 746 nomen
1077 689 1155 760 latet,
1185 688 1355 746 Telestema

276 785 454 858 scriptoribus
479 784 596 840 diuersis
619 783 767 839 adhibitos
786 779 870 837 esse?
910 783 953 837 De
973 783 1190 855 Naupactiorum
1223 793 1308 856 poeta
1333 794 1355 838 el

90 847 93 856 ’
117 833 156 906 κ’·
239 929 243 937 ,
276 877 394 935 sortasse
424 879 461 934 de
489 876 661 949 Panyasside
691 873 746 933 hoc
772 876 910 946 concedo,
936 877 975 933 de
1003 875 1120 934 Teleste
1145 892 1202 933 non
1225 877 1355 936 concedo.

275 971 364 1026 Poeta
385 972 431 1025 ille
453 971 590 1025 rarissime
615 970 702 1024 lectus
725 971 772 1024 uni
794 970 968 1041 Apollodoro
987 971 1173 1026 vindicandas
1192 981 1246 1026 cst.
1285 972 1355 1038 Quid

273 1058 374 1132 igitur?
393 1077 451 1115 non
470 1075 618 1132 possumus
637 1060 721 1124 bunc,
739 1061 786 1131 qui
806 1075 834 1130 p.
852 1073 883 1130 ¹7
899 1061 936 1114 G.
956 1069 1045 1124 extat,
1068 1061 1229 1132 catalogum
1249 1063 1355 1132 Apollo

273 1153 345 1208 doro
365 1154 524 1224 adsignare,
554 1161 677 1207 attamen
702 1152 911 1224 Apollodoreae
940 1153 1087 1208 doctrinae
1115 1154 1233 1223 vestigia
1259 1153 1355 1208 insunt

274 1246 368 1304 Audio
388 1254 416 1303 tc
438 1246 588 1320 dicentem,
608 1261 644 1300 ex
670 1243 783 1302 duobus
802 1243 948 1317 catalogis,
968 1245 1058 1301 altero
1077 1245 1279 1320 Apollodoreo.
1297 1262 1355 1301 euru

273 1341 424 1410 conllatum
444 1357 507 1396 esse
528 1355 686 1412 nouamque
705 1339 806 1395 scriem
828 1339 1049 1396 testimoniorum
1069 1349 1134 1414 post
1149 1341 1310 1412 Euripidem
1323 1342 1355 1395 in·

273 1434 376 1502 cipere.
397 1431 549 1486 Crederem
570 1441 599 1484 te
616 1440 692 1485 recte
710 1431 860 1491 iudicasse,
880 1431 933 1484 nisi
952 1433 1012 1484 duo
1031 1431 1177 1485 obstarent
1190 1442 1355 1500 argumenta.

59 1541 67 1552 ·
165 1533 167 1539 ’
273 1523 394 1579 Primum
414 1525 492 1595 quod
506 1521 681 1593 Pherecydes
697 1530 727 1576 et
741 1521 898 1594 Panyassis,
916 1522 963 1593 qui
983 1523 1061 1594 apud
1071 1522 1274 1594 Apollodorum
1292 1539 1355 1594 qrro

188 1611 191 1618 '
272 1633 328 1688 que
352 1624 516 1687 comparent
538 1644 575 1654 -
603 1615 668 1668 vide
687 1629 762 1684 quae
781 1630 808 1684 p.
823 1613 840 1666 8
855 1629 896 1684 sq.
916 1613 1056 1684 disputavi
1080 1643 1116 1653 —-
1142 1614 1221 1669 initio
1240 1617 1355 1682 catalogi

272 1718 533 1772 commemorantur,
552 1707 657 1762 delude
676 1707 754 1780 quod
775 1723 832 1762 non
852 1705 920 1762 satis
940 1706 1072 1762 credibile
1093 1707 1210 1773 uidetur,
1231 1706 1355 1763 l‘lrilode

165 1845 169 1856 .
251 1838 253 1843 -
271 1818 346 1858 mum
360 1802 435 1858 bunc
447 1799 718 1874 catalogum-nescio
739 1800 815 1855 unde
828 1795 1028 1872 desumpsisse,
1046 1810 1147 1874 postca
1157 1801 1355 1874 Apollodorum

271 1897 416 1961 evolvisse,
436 1911 519 1968 quem
537 1893 730 1949 nonnullarum
750 1895 914 1966 paginarum
927 1893 1019 1966 spatio
1039 1895 1185 1951 interiecto
1198 1895 1299 1950 iterum
1313 1913 1355 1950 cx·

272 1987 421 2061 scripsrrit.
441 1987 539 2057 ltaque
551 1985 592 2041 sic
605 1986 832 2042 concludendum
845 1995 899 2051 est,
910 1985 1066 2042 Philodemi
1080 1997 1224 2044 auctorem
1232 2007 1251 2043 e
1261 1989 1355 2060 ranna

65 2081 68 2090 ¹
117 2099 122 2114 ·
218 2087 220 2091 “
253 2079 467 2151 Apollodoreis
495 2094 546 2135 sua
569 2078 728 2156 consuissc;
759 2087 788 2134 et
815 2077 894 2133 multi
914 2077 1070 2135 Philodemi
1089 2081 1210 2150 catalogi
1229 2081 1269 2135 arl
1286 2082 1355 2142 ilion

166 2163 169 2174 ’
270 2173 408 2228 relerendi
427 2179 501 2228 sunt.
531 2171 602 2226 Alibi
617 2170 798 2242 philosophus
811 2171 974 2244 Epicureus,
995 2189 1164 2245 quamquam
1178 2173 1265 2245 ipsius
1275 2175 1355 2246 Apol·

189 2309 194 2324 .
229 2301 232 2308 ι
271 2266 361 2321 lodori
380 2281 468 2337 opert·¹
488 2280 544 2318 uon
565 2281 630 2318 rusus
650 2281 716 2319 esse
730 2264 849 2330 videtur,
870 2275 963 2319 tamen
984 2267 1148 2339 scriptorem
1166 2267 1297 2323 arllribuit
1316 2287 1353 2339 qo

269 2373 383 2430 prorsus
402 2373 437 2411 ex
459 2356 632 2429 Apollodoro
651 2359 767 2428 pendet,
791 2359 908 2429 eiusque
930 2357 1052 2413 frustulis
1070 2359 1293 2430 disputationem
1314 2379 1355 2416 ex·

198 2499 202 2510 .
269 2451 378 2509 ornarit
398 2449 472 2506 velut
491 2466 517 2525 p.
532 2463 577 2522 52.
598 2449 692 2524 Atque
712 2450 785 2507 bene
804 2450 934 2524 cognitos
953 2449 1075 2507 babebat
1087 2452 1260 2524 grammatici
1271 2454 1355 2509 Atlse

130 2539 137 2558 '
176 2557 192 2608 ς
270 2547 374 2604 niensis
387 2545 480 2611 libros,
491 2562 547 2602 nors
561 2546 651 2604 solum
661 2544 809 2613 Chronica,
822 2563 896 2621 quae
909 2562 997 2621 saepe
1011 2547 1152 2621 usurpavit
1164 2545 1183 2616 ¹,
1196 2547 1250 2606 sed
1263 2549 1355 2608 etiam

271 2651 301 2696 ut
320 2657 371 2729 par
390 2649 459 2706 erat,
478 2637 544 2712 περὶ
563 2639 639 2698 θεῶν
659 2657 739 2713 opus.
778 2640 822 2696 Cl.
844 2633 951 2699 Philod.
970 2638 1037 2714 aspi
1056 2635 1212 2714 sbosdslog
1230 2661 1260 2714 p.
1272 2645 1313 2714 ba
1329 2646 1355 2699 G

294 2753 296 2760 ·
361 2732 418 2786 Sed
445 2733 505 2786 vela
529 2732 723 2786 contrahenda
746 2741 820 2786 sunt.
856 2732 955 2798 Quivis
973 2735 1048 2787 enim
1067 2733 1231 2803 intellegere
1256 2745 1355 2806 potest

250 2823 316 2896 ‘qul
341 2822 444 2879 fructus
463 2823 502 2878 ad
527 2822 669 2878 historiam
692 2823 844 2898 sabulonem
864 2824 1037 2879 Graecorum
1061 2827 1296 2896 cognoscendam
1324 2846 1355 2883 re

268 2918 387 2982 daudet,
410 2917 527 2991 siquae
547 2916 605 2973 dixi
625 2927 700 2974 recte
723 2915 869 3006 disputata
894 2925 968 2978 sunt
1006 2917 1036 2976 Sl
1054 2919 1156 2986 minus,
1179 2919 1250 2976 satis
1270 2920 1355 2979 laudi

269 3013 421 3066 adsecutus
441 3027 504 3066 ease
523 3012 590 3066 milri
609 3011 735 3076 uidebor,
755 3013 778 3066 sl
798 3026 855 3066 non
875 3013 993 3095 turpiter
1010 3029 1057 3068 me
1082 3029 1191 3068 errasse
1210 3015 1262 3069 riri
1281 3017 1355 3072 doct

239 3105 240 3108 ’
268 3102 458 3161 iudicaverint

219 3317 221 3324 ,
272 3217 466 3348 mulli-e.
486 3283 522 3329 gr.
539 3269 676 3319 Philoclem.
697 3270 755 3332 περὶ
779 3269 935 3340 puloudputr
950 3268 1017 3332 [volt.
1034 3271 1136 3321 Herod.
1155 3271 1264 3321 contar.
1285 3275 1355 3336 μία

268 3347 493 3412 culturom
537 3411 622 3479 mm]
638 3413 672 3464 τά
687 3427 718 3475 γε
733 3411 831 3479 wno-
952 3437 957 3447 ¹

525 3509 570 3556 ss
585 3496 634 3558 τῆς
649 3493 755 3560 [alzona
771 3493 910 3556 &rubrus
924 3493 987 3559 rllv

537 3575 643 3642 dlpglsss
658 3577 748 3641 ἔλαβεν
763 3576 806 3629 bad
820 3575 957 3642 Zrlsrudoc

535 3659 562 3714 ol
577 3674 606 3712 τε
621 3659 730 3712 Στωικοῑ
748 3657 887 3727 [π]ἀντι[ς1
905 3660 942 3723 ὡς
957 3658 1041 3712 clrrls

490 3807 493 3816 .
537 3742 570 3794 τὰ
587 3749 703 3806 πρωτεῖα
715 3746 763 3807 τῆς
778 3745 884 3809 ἀγωγῆς
899 3744 963 3797 dno·

536 3823 668 3890 νέμουΙσιν
684 3825 768 3892 abluit
785 3828 826 3879 rol
842 3826 908 3890 uara

484 3916 487 3923 ·
536 3904 639 3958 τούτων
656 3905 682 3974 [d
698 3907 760 3970 robe
775 3906 903 3975 rJdrrolug]
920 3909 962 3960 aul
977 3905 1052 3972 niobe

507 3987 938 4132 ‘ffiswlrmansunt-
1120 4009 1125 4021 ·

535 4071 550 4119 t

127 4225 132 4232 β
161 4185 163 4190 .
265 4163 336 4212 quem
347 4149 426 4198 locum
438 4150 496 4197 olim
507 4149 602 4197 Usener
613 4163 705 4198 mecam
717 4150 1004 4224 communieruiadpgdr
1014 4151 1133 4216 suppleri.
1151 4154 1355 4210 camanum

718 4282 738 4289 ..
766 4279 898 4291 —a--n—
