2726 4900
695 440 889 497 -o-

193 618 208 655 ·.
247 609 351 674 potest.
364 599 472 657 Altiore
491 599 625 669 indagine
644 613 718 668 opus
735 597 799 659 erit,
818 595 843 650 sl
862 604 953 651 totum
971 596 1133 667 catalogum
1152 595 1182 650 ln
1200 595 1355 668 integrum

97 740 105 778 ·.
136 703 142 718 ·
189 722 194 734 ·
245 694 393 749 restituere
412 692 585 749 consbimur.
613 688 874 760 Priusquam'enlm
893 688 930 743 rie
950 689 1058 760 origine
1078 689 1203 760 catalogi
1221 689 1354 761 eiusque

123 807 150 844 ,,·
245 795 360 842 auctore
379 784 526 846 iudicetur,
545 783 584 837 de
604 781 725 842 lectione
745 788 859 836 constet
877 796 997 836 necesse
1015 789 1060 836 est
1068 777 1095 857 'g
1117 780 1183 850 Qua
1202 783 1231 839 in
1252 799 1353 854 quae·

244 880 337 936 stione
356 896 375 934 a
394 879 490 934 Vateri
511 871 655 933 ¹sententia
680 875 916 948 proficiscendum
939 883 996 938 est‚'
1022 874 1071 948 qui
1095 875 1211 931 conlato
1229 876 1352 932 scholio

156 951 160 961 '
243 970 365 1027 neon
386 961 457 1024 ται
482 983 534 1040 ιη
555 964 648 1042 [τιτι
672 963 766 1040 nup
806 964 860 1024 ιιι
879 964 913 1025 ιι
931 963 1020 1025 ητα
1039 963 1068 1024 οι
1087 965 1142 1038 μιν
1159 965 1352 1039 nonnosus

51 1080 86 1122 ,·
147 1063 179 1096 ·’
229 1059 291 1122 ’καλ
311 1057 482 1134 Ὀδυσσέως
501 1058 520 1133 ll
539 1056 660 1134 Ἑρμοῦ,
685 1055 770 1118 ᾶλλδι
789 1056 823 1118 δὲ
842 1055 919 1131 Διὸς
948 1054 996 1117 καλ
1020 1055 1213 1132 Καλλιστοῦς,
1241 1056 1350 1132 ἕτεροι

128 1149 142 1226 J
167 1203 170 1212 ,
243 1153 284 1214 δὲ·
297 1151 422 1228 Αλθέρσς
441 1152 496 1212 καλ·
508 1149 646 1225 Οἰνηίδος
666 1147 697 1226 [η
712 1145 871 1225 Νηρηίδος]
890 1147 964 1209 ἔνιοι
983 1148 1017 1210 δὲ
1036 1148 1175 1223 Οὐρανοῦ
1192 1149 1242 1210 καλ
1264 1149 1286 1209 Γ
1285 1151 1350 1224 ης’

242 1245 329 1301 Rhesi
348 1244 528 1302 scholiastam
548 1247 589 1302 sic
607 1244 754 1301 emendari
774 1242 865 1300 iubet:
903 1240 957 1301 τὸν
976 1239 1065 1302 Πᾶνα
1084 1239 1113 1301 ol
1132 1242 1187 1314 uir
1204 1239 1349 1314 Πηνελό-

144 1343 147 1348 ’
240 1354 299 1411 “tlt
325 1334 373 1397 καὶ
391 1330 570 1410 Ὀδυσσέως
588 1333 607 1408 ll
627 1331 737 1406 Ἑρμοῦ
754 1345 858 1407 φασιν,
883 1330 912 1394 ολ
931 1332 965 1393 δὲ
986 1332 1240 1407 Καλλιστοᾶςικαλ
1261 1332 1348 1407 Διὸς

30 1427 54 1527 .'
110 1513 113 1520 Ι
148 1419 167 1508 f
241 1428 289 1490 καλ
308 1427 363 1491 δύο
381 1431 490 1503 παῖδας
509 1426 688 1500 γενομένους
703 1423 791 1487 Πᾶνα
812 1423 860 1485 καλ
880 1421 1018 1499 Ἀρκάδα,
1038 1423 1107 1498 μίαν
1125 1425 1159 1486 δὲ
1178 1425 1346 1499 θυγατέρα,

210 1540 213 1548 ’
240 1519 294 1597 ἀφ’
313 1519 350 1596 ἧς
362 1522 397 1585 τᾶ
410 1520 484 1597 δρας
498 1519 653 1594 Κυλλήνης.
679 1523 717 1580 ht
732 1521 808 1579 rnslo
824 1521 919 1577 omine
930 1520 1079 1586 Valerus⁸‚
1097 1527 1182 1594 quern
1196 1521 1346 1593 permulto

50 1619 78 1701 ι’
114 1669 124 1682 ,,
151 1639 165 1663 ·-
241 1617 377 1684 hocloco
400 1633 530 1690 perverse
556 1616 768 1672 administrasse
795 1632 853 1671 non
877 1630 950 1686 opus
975 1623 1020 1670 est
1038 1615 1163 1686 pluribus
1181 1630 1346 1687 exponere.

240 1709 420 1766 scholiastam
434 1709 633 1766 Theocriteum
654 1709 758 1763 ducem
778 1708 830 1762 sibi
848 1708 942 1778 elegit
963 1706 1035 1762 Nam
1057 1708 1080 1762 si
1092 1707 1226 1770 ,scholion
1238 1706 1345 1762 'iheu-

62 1831 65 1838 ⁴
192 1805 194 1810 '
239 1802 357 1858 criteum
382 1818 465 1874 supra
492 1809 741 1858 commemoratum
767 1809 796 1856 et
823 1801 854 1856 id
881 1802 959 1873 quod
983 1799 1099 1874 idylliil
1125 1803 1256 1872 versuris
1283 1802 1344 1856 sd·

165 1937 167 1944 .
210 1914 212 1919 ·
239 1895 371 1967 scripturn
391 1904 436 1950 eat
455 1894 613 1950 accuratius
638 1893 899 1959 examinaverimus,
928 1893 1023 1949 stetim
1043 1895 1190 1966 sdparebit
1209 1894 1264 1949 sub
1282 1894 1343 1952 illis

114 2027 116 2033 .
158 2052 162 2061 Ι
238 1980 324 2043 ἄλλοι
348 1983 382 2044 δὲ
400 1981 478 2056 Διὸς
503 1982 551 2042 καλ
571 1982 751 2056 Καλλιστοῦς
772 1985 969 2056 Epimenidem
989 1986 1079 2057 ipsum
1100 1987 1196 2043 latero.
1235 1986 1340 2056 Atque

212 2075 219 2102 ²
240 2091 304 2132 cum
323 2076 507 2150 Epimenides
530 2075 626 2150 paullo
651 2083 752 2148 postea
774 2092 792 2133 a
811 2075 899 2132 Rhesi
919 2084 1141 2132 commentatore
1160 2092 1342 2133 commemo·

238 2176 324 2226 retur:
364 2163 548 2241 Ἐπιμενίδης
575 2165 608 2226 δλ
634 2153 815 2240 Καλλιστδδς
845 2164 893 2227 καλ
918 2165 996 2241 Διὸς
1019 2168 1130 2242 παῖδας
1154 2169 1341 2240 γεγενῆσθαι

236 2257 324 2318 Πᾶνα
348 2256 396 2318 καλ
415 2255 550 2332 Ἀρκάδα
574 2257 723 2333 διδύμους,
750 2261 845 2316 Veteri
873 2262 970 2334 opinio
996 2271 1108 2317 οοττυαι
1133 2277 1253 2317 necesse
1277 2273 1340 2322 est.

167 2405 168 2410 ,
220 2352 321 2409 'Hunc
339 2352 415 2410 enim
434 2353 524 2409 secuti
544 2353 586 2408 bia
603 2354 632 2409 ln
651 2354 756 2409 eodem
776 2353 909 2425 catalogo
932 2354 1060 2409 eiusdem
1084 2353 1225 2426 scriptoris
1251 2358 1339 2412 testi·

111 2427 115 2446 ⁴
153 2489 156 2494 .
225 2445 361 2502 ‘monium
380 2445 550 2504 scholiastae
570 2446 795 2511 obtruderemus,
814 2446 845 2503 id
864 2447 943 2520 quod
962 2445 1021 2502 lieri
1039 2446 1146 2520 nequit.
1165 2447 1338 2520 lmprobeto

59 2547 62 2554 ’
147 2553 149 2560 ’
235 2538 320 2607 igitur
338 2537 435 2593 Vatari
459 2546 622 2594 commento
646 2553 699 2593 nos
722 2554 874 2609 quemnam
900 2539 1002 2594 ducem
1022 2537 1126 2610 eligere
1144 2539 1338 2598 debebimus?

1 2672 10 2704 z
88 2701 90 2705 .
125 2673 129 2684 .
178 2669 180 2673 ·
235 2628 281 2685 hd
300 2628 466 2685 scholiastes
486 2628 589 2684 lntlnos
609 2627 830 2700 confugiendum
858 2644 922 2685 esso
941 2644 998 2702 ego
1017 2637 1097 2702 puto,
1125 2626 1259 2701 quicum
1282 2649 1339 2690 ne·

15 2711 19 2732 '
101 2769 104 2776 .
134 2723 135 2727 ’
234 2734 290 2792 que
313 2721 434 2794 corrupti
460 2735 525 2777 esse
550 2720 698 2784 uideantur
723 2736 817 2793 neqne
842 2719 954 2785 ιυτδαᾶ,
982 2719 1097 2793 penuhu
1124 2720 1246 2792 catalogi
1271 2741 1338 2782 om·

117 2851 120 2864 .
234 2811 313 2867 brem
331 2813 474 2885 quandem
494 2812 616 2868 tortasse
632 2820 758 2872 servants
778 2828 866 2886 quam
876 2812 915 2868 oh
929 2829 989 2868 rem
1002 2811 1337 2886 hoslnredinlesrsncls

98 2971 106 2990 ⁶
234 2901 317 2959 Panis
337 2903 505 2976 genealogia
524 2918 683 2976 sequamur.

323 2995 407 3066 Quae
429 2995 458 3052 in
475 2996 575 3053 codice
589 2996 617 3054 G
636 2997 717 3052 initio
736 3003 767 3053 et
784 2997 882 3070 paucis
902 2997 993 3053 verbis
1012 2957 1127 3054 mutetis
1145 2998 1224 3072 apud
1244 2999 1334 3058 scho-

125 3069 131 3090 ’
234 3086 343 3143 llastsrn
363 3086 471 3143 Lucani
491 3087 633 3159 leguntur:
654 3083 747 3144 Pana
767 3087 905 3145 Pindarus
925 3105 960 3144 ex
982 3089 1112 3162 Apolline
1131 3097 1162 3145 et
1182 3087 1333 3166 Penelope

233 3180 262 3236 ln
275 3179 389 3252 Lycaeo
409 3187 506 3237 rnonte
525 3181 632 3238 editum
651 3176 763 3239 scribit’
782 3181 964 3239 sicrerleunt
983 3181 1061 3254 apnrl
1077 3180 1164 3238 Rhesi
1183 3197 1334 3243 commen·

232 3279 353 3329 latorem
558 3298 560 3302 ¹

368 3362 454 3426 ἄλλοι
473 3364 508 3426 tt
527 3352 716 3440 Ἀπόλλωνος
736 3364 784 3426 καλ
803 3364 991 3442 Πηνελόπης

232 3461 330 3534 incipit
347 3469 444 3518 sutem
463 3462 590 3518 scholion

367 3550 427 3612 Ῐδν
445 3550 533 3613 Πᾶνα
552 3550 581 3614 ol
600 3552 654 3626 μὲν
672 3550 849 3627 Πηνελόπης
867 3565 956 3628 φασι·
1053 3540 1057 3546 ’

213 3779 233 3800 ,
323 3734 332 3766 ¹
348 3734 407 3784 llos
423 3734 542 3785 mlmhere
558 3735 625 3800 qnod
642 3735 789 3797 ατραααιᾶι
807 3736 862 3785 isse
877 3737 1043 3786 demonstrare
1058 3736 1217 3803 supersedeo,
1241 3756 1331 3794 ααιαει

230 3831 293 3882 qnos
314 3829 388 3881 supra
409 3816 509 3866 exhlhsl
530 3816 601 3866 locos
621 3818 693 3868 nuiss
714 3818 819 3867 auctoris
840 3832 896 3867 ssse
918 3825 944 3867 et
964 3819 1074 3869 eiusdem
1094 3819 1201 3881 estslogl
1218 3826 1332 3876 mentm

230 3899 340 3949 tunes.
368 3898 424 3948 ttoe
439 3897 465 3947 Ιιι
483 3898 567 3962 sprtco
585 3905 631 3949 sst.
676 3934 682 3948 .

322 3977 390 4030 'ct
404 3977 483 4029 schol.
500 3979 578 4030 codic.
593 3981 712 4031 Ambros.
724 3996 749 4046 ρ.
762 3991 792 4044 17
804 3983 842 4033 Lr
858 3980 907 4033 τὸν
922 3981 952 4034 δὲ
967 3980 1047 4034 Πᾶνα
1062 3982 1088 4035 ol
1104 3983 1152 4044 μᾶν
1167 3982 1331 4054 Πηνελόπης

157 4069 159 4075 ’
229 4061 272 4112 καλ
289 4059 445 4124 Ὀδυσσέας,
472 4059 544 4112 illos
564 4059 594 4113 hl
610 4059 675 4124 Διὸς
698 4062 740 4114 καλ
763 4061 932 4126 Καλλιστοῦς,
963 4064 1049 4130 ἔταροι
1071 4063 1130 4130 (δὲ)
1152 4064 1260 4130 sturm
1286 4073 1330 4124 nl

229 4139 356 4204 Ολνηίδας,
372 4141 436 4194 ἔνιοι
446 4140 476 4193 δὲ
486 4139 606 4218 Οδραναᾶ
622 4143 665 4195 καλ
676 4142 731 4207 Γης,
747 4145 813 4193 sude
829 4153 930 4209 appetet
945 4146 1079 4196 rectisslm
1095 4147 1234 4196 iseohslsus
1249 4154 1330 4202 seru

229 4221 246 4285 η
264 4221 395 4287 Νηρηίδας
410 4229 436 4273 ut
452 4221 575 4284 glossema
591 4223 702 4276 eiecisse.

319 4301 412 4354 ’Novl
429 4302 513 4356 Veteri
530 4305 686 4364 sententiam.
707 4305 777 4356 etlus
797 4306 886 4358 Ιλδτιιαι
903 4306 1024 4374 inspicere
1040 4323 1090 4358 sos
1105 4273 1205 4366 lleelsst.
1230 4323 1261 4362 ss
1279 4315 1324 4365 ssl-

228 4383 355 4473 notstions
371 4383 503 4439 Diodorill.
563 4439 565 4446 ,
