2726 4900
707 313 746 331 ¹·-
784 303 820 344 ur
864 313 899 330 -

349 459 470 532 Quinam
494 461 614 532 scriptor
636 459 689 514 sub
710 457 864 514 Philodemi
888 457 978 512 verbis
1000 453 1073 514 ἔνιοι
1100 451 1128 514 δ’
1152 452 1203 528 ὑφ’
1222 453 1346 528 Ἐρμοῑη

256 557 343 610 lateat
372 553 566 624 cognoscimus
591 569 608 604 e
633 550 740 605 scholio
765 549 922 605 Pindarico.
962 550 1014 603 Est
1037 549 1175 634 Sosibius
1194 549 1272 604 mee
1305 547 1346 615 [ri.

180 663 181 669 ¹
235 647 358 702 muller
378 645 457 700 FHG
478 645 503 698 Il
525 637 604 714 6‘25J,
628 657 685 696 non
704 641 835 711 ignobilis
853 641 1051 710 grammaticus
1071 648 1102 694 et
1120 639 1284 702 historicus.
1305 639 1346 709 qul

258 733 411 804 Ptolemaei
428 731 606 804 'Philadelphi
628 728 799 800 temporibus
818 729 945 783 llorebat.
980 728 1059 782 Unus
1073 728 1208 784 Musaeus
1226 739 1278 783 aut
1297 729 1346 782 Eu

90 787 101 842 Α·
153 831 188 889 ,”
254 812 367 897 'molpus
385 823 572 896 explicatione
590 821 706 891 indiget.
744 816 894 875 Musaeum
914 820 1040 875 nominat
1056 820 1167 875 Pindari
1185 819 1346 884 scholiasta¹

223 918 433 988 &Eumolpum
463 917 487 970 si
506 915 577 970 fides
597 912 729 968 habenda
748 913 785 966 alt
804 911 866 966 siris
886 912 988 976 doctis.
1015 913 1063 982 qui
1083 913 1235 967 litterarum
1253 913 1346 981 spicer

190 1045 195 1058 .
254 1004 376 1077 Εὐμολπ
394 1008 422 1061 in
442 1007 517 1061 hunc
536 1004 651 1060 modum
670 1003 879 1072 suppleverunt,
901 1000 1089 1058 Philodemus.
1116 1003 1257 1056 racilume
1278 1019 1346 1055 sana

194 1121 199 1130 ·
253 1099 325 1155 haec
344 1097 494 1154 difficultas
509 1089 648 1152 'removeri
667 1092 766 1167 possit,
787 1091 812 1148 si
831 1100 988 1148 statuamus
1007 1101 1038 1148 et
1056 1092 1222 1165 Eumolpum
1241 1101 1273 1148 ct
1290 1091 1346 1148 liu«

254 1209 351 1248 seeum
370 1193 406 1248 ab
427 1189 601 1263 Apollodoro
621 1184 855 1244 commemoratos
876 1185 970 1243 luisse.
991 1187 1082 1257 Atque
1101 1193 1196 1265 exstat
1212 1185 1346 1258 ‘Eumolpi

137 1276 147 1357 ’ῃ
254 1282 404 1340 versiculus
424 1301 442 1338 a
461 1283 589 1338 Diodoro
608 1281 621 1334 1
645 1294 717 1352 rr‚3
738 1276 865 1334 servatus
882 1295 901 1334 a
921 1277 1052 1333 Kinlrelie
1071 1279 1191 1348 emissus

388 1389 448 1448 niis
468 1388 501 1448 δὲ
522 1380 591 1460 παρ’
604 1369 731 1457 ‘Elinoi
750 1385 885 1445 παλαιῶν
902 1382 1077 1455 μυθολόγων
1096 1384 1174 1456 τινὲς
1193 1383 1248 1443 τὸν
1260 1380 1346 1443 'Our-

53 1538 57 1555 ,
158 1467 159 1470 ¹
238 1477 299 1555 ’ριν
317 1468 471 1541 Διόνυοον
489 1476 747 1552 οροςονομάῑουσι
768 1474 815 1536 sai
829 1475 945 1550 Σείριον
960 1474 1160 1562 πορωνύμως·
1178 1474 1222 1548 ὡς
1235 1473 1346 1548 [opor.

217 1641 220 1652 ¹
253 1591 310 1646 πος
334 1573 388 1645 μὲν
407 1572 520 1644 ἐντοῖς
543 1571 694 1644 Βακχικοῖς
714 1567 799 1630 ἔπεσί
817 1581 912 1642 φησιν

434 1676 592 1752 ἀστροφαῆ
612 1674 766 1736 Διόνυσον
785 1673 819 1735 ἐν
838 1672 1160 1747 ἀκτίνεσσοπυρωπόν.

272 1795 275 1804 “
338 1765 477 1860 Fuerunt
497 1786 579 1858 igitur
602 1783 652 1856 qui
677 1783 812 1856 Eumolpi·
830 1781 955 1857 quoque
967 1799 1117 1855 personam
1141 1785 1298 1840 induerent
1319 1795 1346 1840 et

252 1898 305 1937 sua
327 1880 449 1936 carmina
471 1879 541 1934 satis
557 1877 739 1940 ‚vetustissimi
764 1876 878 1931 nomine
898 1886 1076 1933 exornarent.
1115 1876 1208 1945 Quam
1228 1879 1269 1931 ob
1291 1896 1346 1946 rem

218 2017 222 2027 ,
253 1973 289 2027 ab
308 1971 362 2026 hac
381 1954 466 2042 parte
481 1971 519 2024 de
540 1967 679 2040 Eumolpo
701 1969 835 2038 scriptore
855 1967 985 2022 dubitare
1004 1968 1155 2024 nonlicet.
1191 1969 1231 2022 At
1251 1976 1346 2024 tamen

188 2091 192 2102 ·
254 2079 417 2137 persuasum
443 2061 535 2117 habeo
558 2061 653 2137 alique
677 2061 765 2116 modo
792 2058 996 2116 aPhilodemo
1018 2058 1166 2116 Musaeum
1190 2059 1346 2117 indicemus

144 2159 146 2164 ’
186 2206 189 2217 .
256 2157 350 2213 luisse.
393 2155 488 2229 Atque
507 2148 571 2212 curn
591 2153 725 2212 Musaeus
744 2161 774 2210 el
794 2153 924 2227 Eumolpi
944 2153 1015 2210 iilius
1034 2170 1099 2210 csse
1119 2154 1291 2210 dicatur-
1313 2155 1346 2213 ci.

256 2251 347 2308 Laert.
368 2248 451 2321 Diog.
470 2250 482 2304 l
502 2257 627 2322 pmo'em.
647 2245 693 2321 §3
713 2277 751 2289 -
773 2257 803 2304 et
822 2243 1022 2320 Eriuoirriov
1046 2247 1200 2321 scripsisse,
1212 2231 1268 2303 'de
1294 2267 1346 2322 qna

163 2339 167 2346 ’
255 2358 346 2415 pauca
367 2342 450 2412 tradit
471 2339 625 2397 Pausanias
643 2340 670 2395 Χ
690 2340 755 2410 po
782 2338 818 2398 ci.
838 2338 940 2396 Kinirel
959 2338 1036 2396 FEG
1058 2339 1157 2407 1223,
1178 2338 1210 2396 ir.
1235 2354 1260 2406 r,
1283 2341 1346 2396 rem

252 2433 371 2489 fortasse
401 2433 608 2514 emendationis
633 2432 760 2488 subsidia
785 2433 940 2503 repetenda
969 2440 1044 2487 sunt.
1083 2430 1141 2486 Sed
1171 2448 1346 2504 quocunque

124 2514 134 2536 ³
228 2525 338 2581 ,modo
364 2525 402 2580 de
430 2524 571 2596 Eumolpo
595 2534 625 2579 et
649 2524 778 2600 Musaeo*
797 2523 920 2587 iudicas,
950 2539 1007 2578 non
1033 2531 1141 2578 tuntum
1169 2525 1346 2596 essequod

251 2615 321 2671 inter
342 2615 537 2671 Philodemum
556 2624 587 2671 et
607 2615 787 2671 scholiastam
812 2613 990 2670 Pindaricum
1013 2614 1164 2670 intercedit
1192 2615 1344 2670 discrimen

240 2701 282 2762 'ut
301 2708 463 2762 altemtmm
481 2707 566 2762 alium
585 2715 730 2762 auctorem
750 2715 877 2762 secutum
897 2715 1061 2770 statuamus,
1090 2705 1176 2761 imme
1196 2716 1346 2779 utrumqne

208 2792 212 2801 '
251 2799 415 2870 Apollodori
434 2798 523 2871 copiis
544 2815 625 2854 usum
644 2815 708 2854 esse
729 2787 921 2854 lubentissime
940 2800 1092 2854 concedes.
1138 2821 1141 2826 ¹

342 2891 416 2947 Huic
440 2891 572 2965 catalogo
596 2891 700 2947 similes
719 2895 786 2947 sunt
808 2893 887 2964 apud
908 2890 1102 2947 Philodemum
1122 2891 1203 2947 multi
1224 2891 1345 2948 sortasse

252 2984 441 3055 Apollodorei,
460 2984 624 3056 praesertim
647 2985 670 3040 si
690 2976 769 3039 rarae
788 2984 941 3041 memoriae
966 2993 1071 3056 poetae
1090 2996 1346 3040 commemorantur

250 3077 325 3131 velut
345 3075 473 3132 Cinesias
496 3085 526 3131 et
545 3076 685 3134 Telestes.
725 3077 813 3144 Quod
834 3067 951 3141 tumen,¹
964 3077 1031 3147 quia
1050 3076 1215 3132 coniectura
1236 3085 1345 3132 tantum

250 3170 346 3224 nititur
370 3185 463 3240 neque
486 3167 653 3224 scholiomm
678 3169 890 3241 comparatione
909 3167 1065 3225 confirmari
1082 3177 1188 3240 potest,
1204 3183 1266 3224 non
1286 3187 1344 3225 am·

251 3262 322 3334 plius
342 3277 496 3335 persequor
515 3269 545 3316 et
564 3263 593 3316 in
613 3247 782 3318 contrariam
798 3261 966 3318 sententiam
979 3262 1125 3334 disputare
1138 3248 1241 3320 malim.
1267 3263 1346 3333 Quid

249 3589 297 3632 usu
318 3583 357 3630 111
379 3593 410 3644 23
432 3579 497 3648 557,
521 3583 563 3646 qul
585 3583 827 3656 idemlenelsiddion
848 3568 935 3645 graece
955 3574 1117 3650 conscriptum
1142 3587 1210 3649 qued
1229 3586 1346 3635 Clemens

125 3689 128 3696 v
151 3719 153 3724 ι
249 3662 293 3710 sed
310 3661 476 3712 recensionem
492 3664 649 3712 vetustiorem
666 3662 787 3722 adhibuit,
803 3671 917 3727 quattuor
932 3672 1024 3714 tastum
1041 3666 1143 3715 noverit.
1174 3666 1255 3714 Vides
1273 3668 1346 3715 erun

249 3741 294 3790 irae
320 3757 350 3790 es
375 3749 444 3805 parte
464 3742 569 3791 metult
593 3743 625 3792 de
644 3744 777 3792 Aristoelis
802 3751 880 3793 aetate
905 3745 1048 3793 senteutiam
1075 3745 1173 3804 egregie
1199 3745 1347 3794 oeusrmarl.

212 3856 215 3862 ‚
248 3821 337 3871 Contra
358 3825 501 3872 recensione
518 3823 659 3872 Adstocles
681 3823 755 3872 utitur
775 3824 885 3887 Ampelii
912 3824 958 3873 lib.
980 3838 1050 3874 mem.
1070 3835 1123 3883 en
1146 3833 1233 3872 auctor
1253 3825 1346 3873 latinas

249 3903 353 3951 fortasse
368 3903 492 3964 Nigidius.
528 3904 660 3952 Praeterea
676 3903 786 3952 eiusdem
806 3904 945 3969 compendii
967 3905 1084 3965 fragmina
1102 3906 1259 3954 inveniantur
1278 3907 1343 3970 spsd

247 3979 326 4034 Cicer.
345 3983 378 4032 de
398 3973 476 4044 deor(
488 3990 536 4035 ust.
556 3983 595 4033 111
615 3983 652 4041 16,
663 3995 707 4046 sat
732 3985 772 4034 111
788 3995 884 4047 ar-u
901 3980 928 4052 §i
941 3987 1049 4049 53-613
1072 3987 1134 4061 tyr.
1156 3985 1188 4034 de
1207 4000 1289 4038 meus.
1309 3987 1344 4037 tv

248 4078 289 4127 pp.
304 4065 344 4114 ⁸2.
361 4065 401 4124 ⁸⁹·
418 4076 458 4127 94.
475 4076 515 4129 94.
536 4076 588 4129 tos.
607 4075 651 4128 125
669 4065 779 4123 Scirem
803 4066 870 4118 Serv.
892 4068 923 4115 ad
941 4067 1017 4127 vern.
1033 4067 1099 4119 Aee.
1117 4070 1207 4129 1297.
1229 4068 1269 4116 IV
1287 4079 1344 4131 377.

247 4142 869 4212 ei.Mythonr.vsl.1141[1p.llsq.liods]‚
892 4149 962 4198 Laut.
982 4147 1052 4199 rrae.
1072 4148 1105 4197 sd
1127 4148 1188 4198 star.
1208 4148 1292 4198 Thels-
1309 4149 1344 4198 lv

131 4283 133 4290 Ι
247 4223 296 4283 sla
307 4223 462 4275 et·0.1slm
478 4227 542 4277 Mas.
560 4225 643 4276 eren.
659 4226 699 4276 tx
719 4225 781 4290 ¹⁸⁵⁴
798 4240 823 4290 p.
834 4227 891 4295 osy.
