2726 4900
42 1734 143 1783 menta
163 1725 423 1781 sermomonem
450 1716 504 1778 iam
524 1722 742 1794 devergentibus
762 1723 835 1779 viros
859 1723 976 1778 eximios
996 1723 1139 1788 excitarit,

15 1809 19 1818 ’
41 1819 95 1891 qul
117 1817 283 1890 quidquid·
275 1833 302 1872 tn
323 1814 438 1888 singulis
463 1815 621 1871 studiorum
640 1815 746 1886 campis
766 1815 940 1871 elaboratum
968 1824 1031 1870 erat
1052 1825 1139 1870 antea
1250 1847 1255 1854 ·

42 1905 90 1965 rel
104 1908 156 1981 lpsl
174 1908 387 1976 elaboraverant
405 1906 678 1979 comprehenderent
695 1905 805 1978 magnis
825 1905 899 1961 libris
912 1915 941 1962 et
954 1906 1137 1978 largissimum

40 1999 212 2058 eruditionis
232 1999 393 2056 thesaurum
413 1997 535 2072 posteris
555 1997 778 2070 suppeditarent.
804 1997 855 2053 Ab·
868 1997 1044 2062 Herodiano,
1057 1997 1137 2052 culus
1181 2031 1183 2034 -
1225 2025 1228 2033 ·

27 2092 175 2164 ,rellqules
201 2107 289 2164 opere
315 2091 362 2146 lllo
392 2089 546 2146 admirabili
574 2094 743 2162 quamquam
772 2107 830 2144 nou
859 2090 990 2145 omnibus
1015 2090 1138 2145 numeris
1257 2097 1261 2108 ’
1322 2085 1324 2092 ’

40 2183 176 2241 absoluto
198 2183 287 2238 Lente
306 2183 439 2253 conlegit,
462 2183 530 2237 artls
549 2183 750 2252 grammaticae
770 2182 846 2252 apud
868 2182 996 2237 Graecos
1018 2183 1137 2237 scientia

41 2276 105 2331 lere
125 2284 186 2330 tota
206 2275 363 2347 repetenda
382 2282 443 2338 est:
462 2291 480 2328 e
500 2272 693 2330 Varroniauee
712 2273 859 2330 doctrinae
881 2273 994 2329 llumine
1012 2273 1136 2346 maximo

39 2367 211 2438 omnesqui
234 2374 336 2438 postea
362 2366 392 2421 lu
410 2365 511 2420 iisdem
533 2367 704 2437 argumentis
723 2366 905 2422 versabantur
930 2366 1009 2437 largo
1033 2366 1135 2421 haustu

39 2460 184 2522 biberunt,
203 2473 372 2528 quamquam
394 2472 479 2513 nemo
503 2458 651 2532 usquead
671 2457 747 2513 hunc
771 2457 847 2513 diem
866 2459 997 2514 inventus
1019 2466 1064 2513 est
1087 2458 1137 2528 qui
1187 2541 1189 2544 ι
1227 2499 1231 2508 ,

39 2550 105 2605 eius
126 2549 289 2619 fragmentis
309 2549 492 2604 recensendis
512 2556 542 2602 et
561 2549 748 2620 disponendis
766 2565 882 2620 operam
895 2551 1070 2604 utilissimam
1085 2567 1136 2603 na·
1207 2579 1209 2584 ·
1330 2613 1333 2621 .

38 2649 130 2697 varet.
170 2639 229 2697 Sed
253 2630 345 2698 sciunt
368 2639 502 2714 philologi
528 2657 597 2714 pree
616 2640 750 2699 Varronis
768 2643 807 2698 de
832 2643 915 2698 rebus
935 2643 1022 2698 sacris
1041 2643 1136 2698 erudi·

37 2737 121 2792 tione
150 2743 279 2808 posteros
308 2735 459 2808 scriptores
488 2751 580 2808 paene
607 2737 724 2792 sordere
747 2736 790 2791 rel
817 2737 910 2809 potius
936 2737 1028 2792 nullos
1055 2750 1136 2791 esse:

37 2828 209 2901 Apollodori
228 2838 335 2902 quanta
354 2829 392 2884 de
412 2828 586 2884 Graecorum
611 2827 754 2900 theologis
773 2831 872 2885 merite
893 2829 995 2884 luerint
1014 2840 1136 2902 quanta·
1212 2875 1213 2879 ,

34 2939 98 2995 que
111 2921 235 2977 floruerit
254 2922 422 2978 auctoritate
435 2922 541 2994 primus
560 2923 638 2994 quod
652 2923 738 2978 sciam
758 2931 788 2978 et
801 2921 859 2976 lere
872 2935 943 2977 unus
955 2921 1134 2978 Hermannus

34 3013 153 3070 Usener
184 3015 381 3086 praesagiente
410 3015 505 3070 nnimo
534 3014 677 3087 perspexit
685 3013 702 3072 ¹.
743 3015 823 3070 Bono
850 3015 933 3085 igitur
959 3012 1054 3069 omine
1079 3015 1135 3070 boc

32 3105 248 3178 qualecumque
271 3107 439 3178 opusculum
468 3107 590 3178 incipere
620 3107 694 3171 licet.
721 3107 748 3160 in
775 3123 832 3177 quo
857 3108 881 3161 si
904 3123 961 3161 tion
985 3106 1133 3161 doctrinae

32 3199 100 3254 laus
119 3205 252 3254 cernatur
267 3207 393 3254 attamen
412 3199 522 3255 errimus
544 3200 607 3272 plus
628 3215 666 3256 ao
682 3197 788 3265 fidelis„

131 3290 206 3346 Ante
220 3291 424 3363 Apollodorum
444 3309 528 3348 nemo
548 3302 683 3364 quantum
702 3293 762 3348 scio
780 3293 978 3363 gmrnmatlcus
998 3301 1056 3346 tam
1073 3308 1138 3368 sm<

30 3384 101 3455 plos
121 3383 160 3436 de
180 3382 224 3436 clls
244 3381 329 3436 libros
349 3362 565 3454 conscripseram
585 3383 630 3438 hic
647 3384 751 3454 primus
770 3384 857 3438 totius
871 3384 1006 3437 materiae
1026 3383 1131 3451 ubique
1177 3422 1195 3446 ,.

30 3474 188 3543 dispersae
211 3472 398 3542 conligendae
423 3473 569 3528 consilium
589 3476 674 3546 cepit.
697 3475 756 3529 ,Αο
775 3474 842 3528 vixit
871 3489 907 3526 ea
935 3481 1030 3528 aetate
1057 3489 1132 3544 quac
1163 3513 1169 3526 .

29 3579 218 3635 summopere
237 3563 377 3620 eiusmodi
397 3563 497 3621 studiis
518 3565 633 3623 faveret.
674 3566 778 3638 lugens
797 3564 929 3622 libmrum
948 3579 1081 3620 numems
1101 3565 1130 3620 in

26 3655 218 3728 bybliotheca
228 3654 418 3713 Alexandrina
432 3660 636 3723 asservabatur,
650 3658 730 3713 cuius
742 3657 831 3728 copiis
848 3657 876 3711 ln
895 3657 1049 3713 condendo
1063 3653 1132 3727 περὶ

27 3746 117 3806 Θεῶν
145 3761 233 3818 opere
258 3763 324 3803 eum
349 3765 430 3804 usum
455 3766 521 3804 esse
545 3749 692 3805 verisimile
719 3750 837 3813 videtur.
861 3749 889 3802 in
913 3749 1132 3819 interpretandis

25 3837 221 3910 scriptoribus
234 3838 416 3896 desudabant
428 3840 611 3912 grammatici,
625 3840 693 3896 ertls
705 3839 819 3895 criticae
832 3839 976 3910 exemplar
986 3840 1132 3910 egregium

96 4088 100 4096 .
130 4049 139 4081 ¹
173 4049 212 4100 cl.
227 4051 291 4102 iles.
312 4051 396 4103 Rhea.
421 4051 515 4102 xxm
533 4053 595 4102 1⁸68
620 4053 709 4118 psai
726 4067 775 4116 squ
807 4051 859 4100 Die
878 4065 927 4098 ens
951 4049 1131 4110 mls'egersdsrr

22 4131 111 4180 Rem
132 4133 202 4180 stirs·
217 4132 333 4193 Exegere
353 4135 456 4196 denen
476 4137 503 4183 iss
526 4137 610 4183 diesen
628 4133 752 4198 <moles
710 4129 843 4196 argueres>
865 4131 969 4192 engen
986 4129 1129 4179 termites
1227 4183 1230 4190 Ι

20 4223 80 4258 voss
98 4213 155 4259 dens
172 4211 298 4262 Hsiert'sl
312 4215 351 4274 ιδ,
367 4228 422 4262 w
439 4215 466 4262 s'n
483 4216 537 4262 deur
554 4215 655 4262 reiciam
673 4213 812 4274 Hegesiae
827 4208 874 4259 ‹les'
886 4211 1048 4271 Apollodorus
1069 4209 1129 4270 seul
1196 4227 1199 4232 ·

20 4291 104 4340 θεῶν
120 4291 300 4356 ausgertspeli
319 4307 409 4344 ναν.
405 4293 483 4341 viee
504 4294 575 4342 etiarn
592 4307 655 4356 quse
670 4292 785 4341 disseruit
802 4289 974 4345 Wllsrnnvlte,
988 4289 1131 4348 Antigonus

18 4383 79 4419 m
87 4369 266 4436 er'srysrssp
285 4381 307 4434 ς.
415 4384 431 4453 ¹.
1143 4401 1144 4406 =
